@inproceedings{Jota:2013:FFE:2470654.2481317,
 author = {Jota, Ricardo and Ng, Albert and Dietz, Paul and Wigdor, Daniel},
 title = {How Fast is Fast Enough?: A Study of the Effects of Latency in Direct-touch Pointing Tasks},
 booktitle = {Proceedings of the SIGCHI Conference on Human Factors in Computing Systems},
 series = {CHI '13},
 year = {2013},
 isbn = {978-1-4503-1899-0},
 location = {Paris, France},
 pages = {2291--2300},
 numpages = {10},
 url = {http://doi.acm.org/10.1145/2470654.2481317},
 doi = {10.1145/2470654.2481317},
 acmid = {2481317},
 publisher = {ACM},
 address = {New York, NY, USA},
 keywords = {direct input, direct manipulations, latency, touch input},
} 

@online{netflix_app_for_oculus,
  title = {Netflix App for Oculus},
  date = {2016},
  organization = {Oculus},
  author = {Netflix},
  url = {https://www.oculus.com/experiences/gear-vr/890562797701371/},
}

@online{google_drums,
  title = {Daydream Labs: Drum Keys},
  date = {2016},
  organization = {Google},
  author = {Google VR},
  url = {https://www.youtube.com/watch?v=QYwzSEAyn2M},
}

@inproceedings{Ng:2012:DLD:2380116.2380174,
 author = {Ng, Albert and Lepinski, Julian and Wigdor, Daniel and Sanders, Steven and Dietz, Paul},
 title = {Designing for Low-latency Direct-touch Input},
 booktitle = {Proceedings of the 25th Annual ACM Symposium on User Interface Software and Technology},
 series = {UIST '12},
 year = {2012},
 isbn = {978-1-4503-1580-7},
 location = {Cambridge, Massachusetts, USA},
 pages = {453--464},
 numpages = {12},
 url = {http://doi.acm.org/10.1145/2380116.2380174},
 doi = {10.1145/2380116.2380174},
 acmid = {2380174},
 publisher = {ACM},
 address = {New York, NY, USA},
 keywords = {latency, multi-touch, touch input, user input},
} 

@article{schaller1997moore,
  title={Moore's law: past, present and future},
  author={Schaller, Robert R},
  journal={IEEE spectrum},
  volume={34},
  number={6},
  pages={52--59},
  year={1997},
  publisher={IEEE}
}

@inproceedings{majaranta2002twenty,
  title={Twenty years of eye typing: systems and design issues},
  author={Majaranta, P{\"a}ivi and R{\"a}ih{\"a}, Kari-Jouko},
  booktitle={Proceedings of the 2002 symposium on Eye tracking research \& applications},
  pages={15--22},
  year={2002},
  organization={ACM}
}


@article{majaranta2006effects,
  title={Effects of feedback and dwell time on eye typing speed and accuracy},
  author={Majaranta, P{\"a}ivi and MacKenzie, I Scott and Aula, Anne and R{\"a}ih{\"a}, Kari-Jouko},
  journal={Universal Access in the Information Society},
  volume={5},
  number={2},
  pages={199--208},
  year={2006},
  publisher={Springer}
}

@book{majaranta2009text,
  title={Text entry by eye gaze},
  author={Majaranta, P{\"a}ivi},
  year={2009},
  publisher={Tampereen yliopisto}
}

@article{hecht2016optical,
  title={Optical Dreams, Virtual Reality},
  author={Hecht, Jeff},
  journal={Optics and Photonics News},
  volume={27},
  number={6},
  pages={24--31},
  year={2016},
  publisher={Optical Society of America}
}

@inproceedings{jerald2009relating,
  title={Relating scene-motion thresholds to latency thresholds for head-mounted displays},
  author={Jerald, Jason and Whitton, Mary},
  booktitle={2009 IEEE Virtual Reality Conference},
  pages={211--218},
  year={2009},
  organization={IEEE}
}

@phdthesis{bazzi2002modelling,
  title={Modelling out-of-vocabulary words for robust speech recognition},
  author={Bazzi, Issam},
  year={2002},
  school={Massachusetts Institute of Technology}
}

@phdthesis{jerald2010scene,
  title={Scene-motion-and latency-perception thresholds for head-mounted displays},
  author={Jerald, Jason J},
  year={2010},
  school={University of North Carolina at Chapel Hill}
}



@inproceedings{bailey2004latency,
  title={Latency requirements for head-worn display S/EVS applications},
  author={Bailey, Randall E and Arthur III, Jarvis J and Williams, Steven P},
  booktitle={Defense and Security},
  pages={98--109},
  year={2004},
  organization={International Society for Optics and Photonics}
}


@inproceedings{poupyrev1998virtual,
  title={Virtual Notepad: handwriting in immersive VR},
  author={Poupyrev, Ivan and Tomokazu, Numada and Weghorst, Suzanne},
  booktitle={Virtual Reality Annual International Symposium, 1998. Proceedings., IEEE 1998},
  pages={126--132},
  year={1998},
  organization={IEEE}
}

@article{zhai2012word,
  title={The word-gesture keyboard: reimagining keyboard interaction},
  author={Zhai, Shumin and Kristensson, Per Ola},
  journal={Communications of the ACM},
  volume={55},
  number={9},
  pages={91--101},
  year={2012},
  publisher={ACM}
}

@inproceedings{Kamvar:2009:CIM:1526709.1526817,
 author = {Kamvar, Maryam and Kellar, Melanie and Patel, Rajan and Xu, Ya},
 title = {Computers and Iphones and Mobile Phones, Oh My!: A Logs-based Comparison of Search Users on Different Devices},
 booktitle = {Proceedings of the 18th International Conference on World Wide Web},
 series = {WWW '09},
 year = {2009},
 isbn = {978-1-60558-487-4},
 location = {Madrid, Spain},
 pages = {801--810},
 numpages = {10},
 url = {http://doi.acm.org/10.1145/1526709.1526817},
 doi = {10.1145/1526709.1526817},
 acmid = {1526817},
 publisher = {ACM},
 address = {New York, NY, USA},
 keywords = {google, iphone, mobile search, search, user behavior},
} 

@article{hilfert2016low,
  title={Low-cost virtual reality environment for engineering and construction},
  author={Hilfert, Thomas and K{\"o}nig, Markus},
  journal={Visualization in Engineering},
  volume={4},
  number={1},
  pages={1},
  year={2016},
  publisher={Springer International Publishing}
}


@inproceedings{Hincapie-Ramos:2014:CEM:2556288.2557130,
 author = {Hincapi{\'e}-Ramos, Juan David and Guo, Xiang and Moghadasian, Paymahn and Irani, Pourang},
 title = {Consumed Endurance: A Metric to Quantify Arm Fatigue of Mid-air Interactions},
 booktitle = {Proceedings of the SIGCHI Conference on Human Factors in Computing Systems},
 series = {CHI '14},
 year = {2014},
 isbn = {978-1-4503-2473-1},
 location = {Toronto, Ontario, Canada},
 pages = {1063--1072},
 numpages = {10},
 url = {http://doi.acm.org/10.1145/2556288.2557130},
 doi = {10.1145/2556288.2557130},
 acmid = {2557130},
 publisher = {ACM},
 address = {New York, NY, USA},
 keywords = {consumed endurance, endurance, gorilla-arm, mid-air interactions, mid-air text-entry, seato mid-air keyboard},
} 


@article{guiard1987asymmetric,
  title={Asymmetric division of labor in human skilled bimanual action: The kinematic chain as a model},
  author={Guiard, Yves},
  journal={Journal of motor behavior},
  volume={19},
  number={4},
  pages={486--517},
  year={1987},
  publisher={Taylor \& Francis}
}

@article{sarrafian1977study,
  title={Study of wrist motion in flexion and extension.},
  author={Sarrafian, Shahan K and Melamed, Jack L and Goshgarian, Gerard M},
  journal={Clinical orthopaedics and related research},
  volume={126},
  pages={153--159},
  year={1977},
  publisher={LWW}
}

@article{schuemie2001research,
  title={Research on presence in virtual reality: A survey},
  author={Schuemie, Martijn J and Van Der Straaten, Peter and Krijn, Merel and Van Der Mast, Charles APG},
  journal={CyberPsychology \& Behavior},
  volume={4},
  number={2},
  pages={183--201},
  year={2001},
  publisher={Mary Ann Liebert, Inc.}
}

@inproceedings{dallaire2016animated,
  title={Animated self-avatars for motor rehabilitation applications that are biomechanically accurate, low-latency and easy to use},
  author={Dallaire-C{\^o}t{\'e}, Mikael and Charbonneau, Philippe and C{\^o}t{\'e}, Sara St-Pierre and Aissaoui, Rachid and Labbe, David R},
  booktitle={2016 IEEE Virtual Reality (VR)},
  pages={167--168},
  year={2016},
  organization={IEEE}
}


@article{lincoln2016motion,
  title={From Motion to Photons in 80 Microseconds: Towards Minimal Latency for Virtual and Augmented Reality},
  author={Lincoln, Peter and Blate, Alex and Singh, Montek and Whitted, Turner and State, Andrei and Lastra, Anselmo and Fuchs, Henry},
  journal={IEEE transactions on visualization and computer graphics},
  volume={22},
  number={4},
  pages={1367--1376},
  year={2016},
  publisher={IEEE}
}

@inproceedings{Casalta:1999:ETI:632716.632862,
 author = {Casalta, Didier and Guiard, Yves and Beaudouin-Lafon, Michel},
 title = {Evaluating Two-handed Input Techniques: Rectangle Editing and Navigation},
 booktitle = {CHI '99 Extended Abstracts on Human Factors in Computing Systems},
 series = {CHI EA '99},
 year = {1999},
 isbn = {1-58113-158-5},
 location = {Pittsburgh, Pennsylvania},
 pages = {236--237},
 numpages = {2},
 url = {http://doi.acm.org/10.1145/632716.632862},
 doi = {10.1145/632716.632862},
 acmid = {632862},
 publisher = {ACM},
 address = {New York, NY, USA},
 keywords = {kinematic chain, navigation, two-handed input},
} 


@article{grover2013computational,
  title={Computational Thinking in K--12 A Review of the State of the Field},
  author={Grover, Shuchi and Pea, Roy},
  journal={Educational Researcher},
  volume={42},
  number={1},
  pages={38--43},
  year={2013},
  publisher={SAGE Publications}
}

@inproceedings{kristensson2004shark,
  title={SHARK 2: a large vocabulary shorthand writing system for pen-based computers},
  author={Kristensson, Per-Ola and Zhai, Shumin},
  booktitle={Proceedings of the 17th annual ACM symposium on User interface software and technology},
  pages={43--52},
  year={2004},
  organization={ACM}
}

@article{noyes1983chord,
  title={Chord keyboards},
  author={Noyes, J},
  journal={Applied Ergonomics},
  volume={14},
  number={1},
  pages={55--59},
  year={1983},
  publisher={Elsevier}
}

@article{noyes1983qwerty,
  title={The QWERTY keyboard: a review},
  author={Noyes, Jan},
  journal={International Journal of Man-Machine Studies},
  volume={18},
  number={3},
  pages={265--281},
  year={1983},
  publisher={Elsevier}
}

@article{leedesigning,
  title={Designing for Latency: In Search of the Balance Between System Flexibility and Responsiveness},
  author={Lee, Brian and Ballagas, Rafael and Stone, Maureen}
}

@inproceedings{vertanen2015velocitap,
  title={VelociTap: investigating fast mobile text entry using sentence-based decoding of touchscreen keyboard input},
  author={Vertanen, Keith and Memmi, Haythem and Emge, Justin and Reyal, Shyam and Kristensson, Per Ola},
  booktitle={Proceedings of the 33rd Annual ACM Conference on Human Factors in Computing Systems},
  pages={659--668},
  year={2015},
  organization={ACM}
}

@inproceedings{Zhai:2009:SIL:1520340.1520380,
 author = {Zhai, Shumin and Kristensson, Per Ola and Gong, Pengjun and Greiner, Michael and Peng, Shilei Allen and Liu, Liang Mico and Dunnigan, Anthony},
 title = {Shapewriter on the Iphone: From the Laboratory to the Real World},
 booktitle = {CHI '09 Extended Abstracts on Human Factors in Computing Systems},
 series = {CHI EA '09},
 year = {2009},
 isbn = {978-1-60558-247-4},
 location = {Boston, MA, USA},
 pages = {2667--2670},
 numpages = {4},
 url = {http://doi.acm.org/10.1145/1520340.1520380},
 doi = {10.1145/1520340.1520380},
 acmid = {1520380},
 publisher = {ACM},
 address = {New York, NY, USA},
 keywords = {iPhone, mobile, shapewriter, text input, touch screen},
} 

@inproceedings{McGill:2015:DRO:2702123.2702382,
 author = {McGill, Mark and Boland, Daniel and Murray-Smith, Roderick and Brewster, Stephen},
 title = {A Dose of Reality: Overcoming Usability Challenges in VR Head-Mounted Displays},
 booktitle = {Proceedings of the 33rd Annual ACM Conference on Human Factors in Computing Systems},
 series = {CHI '15},
 year = {2015},
 isbn = {978-1-4503-3145-6},
 location = {Seoul, Republic of Korea},
 pages = {2143--2152},
 numpages = {10},
 url = {http://doi.acm.org/10.1145/2702123.2702382},
 doi = {10.1145/2702123.2702382},
 acmid = {2702382},
 publisher = {ACM},
 address = {New York, NY, USA},
 keywords = {augmented virtuality, engagement, virtual reality},
} 


@inproceedings{billinghurst1999collaborative,
  title={Collaborative mixed reality},
  author={Billinghurst, Mark and Kato, Hirokazu},
  booktitle={Proc. Int’l Symp. Mixed Reality},
  pages={261--284},
  year={1999}
}

@inproceedings{hoste2013speeg2,
  title={SpeeG2: a speech-and gesture-based interface for efficient controller-free text input},
  author={Hoste, Lode and Signer, Beat},
  booktitle={Proceedings of the 15th ACM on International conference on multimodal interaction},
  pages={213--220},
  year={2013},
  organization={ACM}
}

@inproceedings{vertanen2010speech,
  title={Speech dasher: fast writing using speech and gaze},
  author={Vertanen, Keith and MacKay, David JC},
  booktitle={Proceedings of the SIGCHI Conference on Human Factors in Computing Systems},
  pages={595--598},
  year={2010},
  organization={ACM}
}

@article{geerse2015kinematic,
  title={Kinematic Validation of a Multi-Kinect v2 Instrumented 10-Meter Walkway for Quantitative Gait Assessments},
  author={Geerse, Daphne J and Coolen, Bert H and Roerdink, Melvyn},
  journal={PloS one},
  volume={10},
  number={10},
  pages={e0139913},
  year={2015},
  publisher={Public Library of Science}
}


@inproceedings{hoste2012speeg,
  title={SpeeG: a multimodal speech-and gesture-based text input solution},
  author={Hoste, Lode and Dumas, Bruno and Signer, Beat},
  booktitle={Proceedings of the International working conference on advanced visual interfaces},
  pages={156--163},
  year={2012},
  organization={ACM}
}

@inproceedings{bowman2002text,
  title={Text input techniques for immersive virtual environments: An empirical comparison},
  author={Bowman, Doug A and Rhoton, Christopher J and Pinho, Marcio S},
  booktitle={Proceedings of the Human Factors and Ergonomics Society Annual Meeting},
  volume={46},
  number={26},
  pages={2154--2158},
  year={2002},
  organization={SAGE Publications}
}

@inproceedings{osawa2002multimodal,
  title={Multimodal text input in an immersive environment},
  author={Osawa, Noritaka and Sugimoto, Yuji Y},
  booktitle={Proceedings of ICAT},
  pages={85--92},
  year={2002}
}

@inproceedings{frees2006connecting,
  title={Connecting the Dots: Simple Text Input in Immersive Environments.},
  author={Frees, Scott and Khouri, Rami and Kessler, G Drew},
  booktitle={VR},
  pages={265--268},
  year={2006}
}


@inproceedings{wilcox1997dynomite,
  title={Dynomite: a dynamically organized ink and audio notebook},
  author={Wilcox, Lynn D and Schilit, Bill N and Sawhney, Nitin},
  booktitle={Proceedings of the ACM SIGCHI Conference on Human factors in computing systems},
  pages={186--193},
  year={1997},
  organization={ACM}
}

@incollection{ahn2006virtualphonepad,
  title={VirtualPhonepad: a text input tool for virtual environments},
  author={Ahn, Jaewoo and Min, Kyungha},
  booktitle={Advances in Artificial Reality and Tele-Existence},
  pages={58--64},
  year={2006},
  publisher={Springer}
}

@article{rosenberg1999chording,
  title={The chording glove: a glove-based text input device},
  author={Rosenberg, Robert and Slater, Mel},
  journal={IEEE Transactions on Systems, Man, and Cybernetics, Part C (Applications and Reviews)},
  volume={29},
  number={2},
  pages={186--191},
  year={1999},
  publisher={IEEE}
}

@inproceedings{Kuester:2005:TKI:1101616.1101635,
 author = {Kuester, Falko and Chen, Michelle and Phair, Mark E. and Mehring, Carsten},
 title = {Towards Keyboard Independent Touch Typing in VR},
 booktitle = {Proceedings of the ACM Symposium on Virtual Reality Software and Technology},
 series = {VRST '05},
 year = {2005},
 isbn = {1-59593-098-1},
 location = {Monterey, CA, USA},
 pages = {86--95},
 numpages = {10},
 url = {http://doi.acm.org/10.1145/1101616.1101635},
 doi = {10.1145/1101616.1101635},
 acmid = {1101635},
 publisher = {ACM},
 address = {New York, NY, USA},
 keywords = {glove input, interaction techniques, keyboard independent touch-typing, wearable devices for augmented reality},
} 


@inproceedings{Pratorius:2014:DEV:2671015.2671029,
 author = {Pr\"{a}torius, Manuel and Valkov, Dimitar and Burgbacher, Ulrich and Hinrichs, Klaus},
 title = {DigiTap: An Eyes-free VR/AR Symbolic Input Device},
 booktitle = {Proceedings of the 20th ACM Symposium on Virtual Reality Software and Technology},
 series = {VRST '14},
 year = {2014},
 isbn = {978-1-4503-3253-8},
 location = {Edinburgh, Scotland},
 pages = {9--18},
 numpages = {10},
 url = {http://doi.acm.org/10.1145/2671015.2671029},
 doi = {10.1145/2671015.2671029},
 acmid = {2671029},
 publisher = {ACM},
 address = {New York, NY, USA},
 keywords = {character input, optical glove, system control, virtual/augmented reality, wrist camera},
} 



@inproceedings{guerreiro2014beyond,
  title={Beyond post-it: structured multimedia annotations for collaborative VEs},
  author={Guerreiro, Joao and Medeiros, Daniel and Mendes, Daniel and Sousa, Mauricio and Jorge, Joaquim and Raposo, Alberto and Santos, Ismael},
  booktitle={Proc. of the Eurographics Conference on Virtual Environments},
  pages={55--62},
  year={2014}
}

@inproceedings{bowman2002text,
  title={Text input techniques for immersive virtual environments: An empirical comparison},
  author={Bowman, Doug A and Rhoton, Christopher J and Pinho, Marcio S},
  booktitle={Proceedings of the Human Factors and Ergonomics Society Annual Meeting},
  volume={46},
  number={26},
  pages={2154--2158},
  year={2002},
  organization={SAGE Publications}
}

@inproceedings{matias1993half,
  title={Half-QWERTY: A one-handed keyboard facilitating skill transfer from QWERTY},
  author={Matias, Edgar and MacKenzie, I Scott and Buxton, William},
  booktitle={Proceedings of the INTERACT'93 and CHI'93 Conference on Human Factors in Computing Systems},
  pages={88--94},
  year={1993},
  organization={ACM}
}

@inproceedings{abbott2011empire,
  title={Empire 3D: A Collaborative Semantic Annotation Tool for Virtual Environments},
  author={Abbott, Daisy and Bale, Kim and Gowigati, Ramy and Pritchard, Douglas and Chapman, Paul},
  booktitle={Proceedings of the 8th International Conference on Modelling, Simulation and Visualization Methods, WORLDCOMP 2011.},
  pages={121--128},
  year={2011}
}

@misc{mcnerney1999system,
  title={System for implementing multiple simultaneous meetings in a virtual reality mixed media meeting room},
  author={McNerney, Michelle and Yang, Rachel Y},
  year={1999},
  month=dec # "~7",
  publisher={Google Patents},
  note={US Patent 5,999,208}
}

@inproceedings{lyons2004twiddler,
  title={Twiddler typing: one-handed chording text entry for mobile phones},
  author={Lyons, Kent and Starner, Thad and Plaisted, Daniel and Fusia, James and Lyons, Amanda and Drew, Aaron and Looney, EW},
  booktitle={Proceedings of the SIGCHI conference on Human factors in computing systems},
  pages={671--678},
  year={2004},
  organization={ACM}
}

@inproceedings{matias1993half,
  title={Half-QWERTY: A one-handed keyboard facilitating skill transfer from QWERTY},
  author={Matias, Edgar and MacKenzie, I Scott and Buxton, William},
  booktitle={Proceedings of the INTERACT'93 and CHI'93 Conference on Human Factors in Computing Systems},
  pages={88--94},
  year={1993},
  organization={ACM}
}



@inproceedings{dobbelstein2015belt,
  title={Belt: An unobtrusive touch input device for head-worn displays},
  author={Dobbelstein, David and Hock, Philipp and Rukzio, Enrico},
  booktitle={Proceedings of the 33rd Annual ACM Conference on Human Factors in Computing Systems},
  pages={2135--2138},
  year={2015},
  organization={ACM}
}

@article{wobbrock2006analyzing,
  title={Analyzing the input stream for character-level errors in unconstrained text entry evaluations},
  author={Wobbrock, Jacob O and Myers, Brad A},
  journal={ACM Transactions on Computer-Human Interaction (TOCHI)},
  volume={13},
  number={4},
  pages={458--489},
  year={2006},
  publisher={ACM}
}

@inproceedings{ashbrook2011nenya,
  title={Nenya: subtle and eyes-free mobile input with a magnetically-tracked finger ring},
  author={Ashbrook, Daniel and Baudisch, Patrick and White, Sean},
  booktitle={Proceedings of the SIGCHI Conference on Human Factors in Computing Systems},
  pages={2043--2046},
  year={2011},
  organization={ACM}
}

@inproceedings{MacKenzie:2002:MTE:572020.572025,
 author = {MacKenzie, Scott},
 title = {Mobile Text Entry Using Three Keys},
 booktitle = {Proceedings of the Second Nordic Conference on Human-computer Interaction},
 series = {NordiCHI '02},
 year = {2002},
 isbn = {1-58113-616-1},
 location = {Aarhus, Denmark},
 pages = {27--34},
 numpages = {8},
 url = {http://doi.acm.org/10.1145/572020.572025},
 doi = {10.1145/572020.572025},
 acmid = {572025},
 publisher = {ACM},
 address = {New York, NY, USA},
 keywords = {linguistically enhanced text entry, mobile text entry, text entry performance evaluations, typamatic keying},
} 


@inproceedings{wolf2012does,
  title={Does proprioception guide back-of-device pointing as well as vision?},
  author={Wolf, Katrin and M{\"u}ller-Tomfelde, Christian and Cheng, Kelvin and Wechsung, Ina},
  booktitle={CHI'12 Extended Abstracts on Human Factors in Computing Systems},
  pages={1739--1744},
  year={2012},
  organization={ACM}
}


@inproceedings{mine1997moving,
  title={Moving objects in space: exploiting proprioception in virtual-environment interaction},
  author={Mine, Mark R and Brooks Jr, Frederick P and Sequin, Carlo H},
  booktitle={Proceedings of the 24th annual conference on Computer graphics and interactive techniques},
  pages={19--26},
  year={1997},
  organization={ACM Press/Addison-Wesley Publishing Co.}
}

@inproceedings{lindeman1999towards,
  title={Towards usable VR: an empirical study of user interfaces for immersive virtual environments},
  author={Lindeman, Robert W and Sibert, John L and Hahn, James K},
  booktitle={Proceedings of the SIGCHI conference on Human Factors in Computing Systems},
  pages={64--71},
  year={1999},
  organization={ACM}
}

@article{argelaguet2013survey,
  title={A survey of 3D object selection techniques for virtual environments},
  author={Argelaguet, Ferran and Andujar, Carlos},
  journal={Computers \& Graphics},
  volume={37},
  number={3},
  pages={121--136},
  year={2013},
  publisher={Elsevier}
}


@inproceedings{poupyrev1998egocentric,
  title={Egocentric object manipulation in virtual environments: empirical evaluation of interaction techniques},
  author={Poupyrev, Ivan and Ichikawa, T and Weghorst, S and Billinghurst, M},
  booktitle={Computer graphics forum},
  volume={17},
  number={3},
  pages={41--52},
  year={1998},
  organization={Wiley Online Library}
}

@inproceedings{Gugenheimer:2016:FTI:2851581.2890242,
 author = {Gugenheimer, Jan and Dobbelstein, David and Winkler, Christian and Haas, Gabriel and Rukzio, Enrico},
 title = {FaceTouch: Touch Interaction for Mobile Virtual Reality},
 booktitle = {Proceedings of the 2016 CHI Conference Extended Abstracts on Human Factors in Computing Systems},
 series = {CHI EA '16},
 year = {2016},
 isbn = {978-1-4503-4082-3},
 location = {Santa Clara, California, USA},
 pages = {3679--3682},
 numpages = {4},
 url = {http://doi.acm.org/10.1145/2851581.2890242},
 doi = {10.1145/2851581.2890242},
 acmid = {2890242},
 publisher = {ACM},
 address = {New York, NY, USA},
 keywords = {VR interaction, VR touch input, mobile VR},
} 

@article{boff1986handbook,
  title={Handbook of perception and human performance},
  author={Boff, Kenneth R and Kaufman, Lloyd and Thomas, James P},
  year={1986},
  publisher={Wiley New York}
}


@inproceedings{card1990design,
  title={The design space of input devices},
  author={Card, Stuart K and Mackinlay, Jock D and Robertson, George G},
  booktitle={Proceedings of the SIGCHI conference on Human factors in computing systems},
  pages={117--124},
  year={1990},
  organization={ACM}
}

@inproceedings{abbott2011empire,
  title={Empire 3D: A Collaborative Semantic Annotation Tool for Virtual Environments},
  author={Abbott, Daisy and Bale, Kim and Gowigati, Ramy and Pritchard, Douglas and Chapman, Paul},
  booktitle={Proceedings of the 8th International Conference on Modelling, Simulation and Visualization Methods, WORLDCOMP 2011.},
  pages={121--128},
  year={2011}
}

@inproceedings{guerreiro2014beyond,
  title={Beyond post-it: structured multimedia annotations for collaborative VEs},
  author={Guerreiro, Jo{\~a}o and Medeiros, Daniel and Mendes, Daniel and Sousa, Maur{\'\i}cio and Jorge, Joaquim and Raposo, Alberto and Santos, Ismael},
  booktitle={Proc. of the Eurographics Conference on Virtual Environments},
  pages={55--62},
  year={2014}
}


@article{william1995theoretical,
  title={Theoretical upper and lower bounds on typing speed using a stylus and a soft keyboard},
  author={William Soukoreff, R and Scott Mackenzie, I},
  journal={Behaviour \& Information Technology},
  volume={14},
  number={6},
  pages={370--379},
  year={1995},
  publisher={Taylor \& Francis}
}

@inproceedings{Karat:1999:PEC:302979.303160,
 author = {Karat, Clare-Marie and Halverson, Christine and Horn, Daniel and Karat, John},
 title = {Patterns of Entry and Correction in Large Vocabulary Continuous Speech Recognition Systems},
 booktitle = {Proceedings of the SIGCHI Conference on Human Factors in Computing Systems},
 series = {CHI '99},
 year = {1999},
 isbn = {0-201-48559-1},
 location = {Pittsburgh, Pennsylvania, USA},
 pages = {568--575},
 numpages = {8},
 url = {http://doi.acm.org/10.1145/302979.303160},
 doi = {10.1145/302979.303160},
 acmid = {303160},
 publisher = {ACM},
 address = {New York, NY, USA},
 keywords = {analysis methods, input techniques, speech recognition, speech user interfaces},
} 

@inproceedings{Zhai:1996:IMG:238386.238534,
 author = {Zhai, Shumin and Milgram, Paul and Buxton, William},
 title = {The Influence of Muscle Groups on Performance of Multiple Degree-of-freedom Input},
 booktitle = {Proceedings of the SIGCHI Conference on Human Factors in Computing Systems},
 series = {CHI '96},
 year = {1996},
 isbn = {0-89791-777-4},
 location = {Vancouver, British Columbia, Canada},
 pages = {308--315},
 numpages = {8},
 url = {http://doi.acm.org/10.1145/238386.238534},
 doi = {10.1145/238386.238534},
 acmid = {238534},
 publisher = {ACM},
 address = {New York, NY, USA},
 keywords = {3-D interface, 6 DOF input, arm, fingers, hand, homunculus model, input devices, motor control, muscle group differences},
} 

@inproceedings{balakrishnan1997performance,
  title={Performance differences in the fingers, wrist, and forearm in computer input control},
  author={Balakrishnan, Ravin and MacKenzie, I Scott},
  booktitle={Proceedings of the ACM SIGCHI Conference on Human factors in computing systems},
  pages={303--310},
  year={1997},
  organization={ACM}
}

@article{card1978evaluation,
  title={Evaluation of mouse, rate-controlled isometric joystick, step keys, and text keys for text selection on a CRT},
  author={Card, Stuart K and English, William K and Burr, Betty J},
  journal={Ergonomics},
  volume={21},
  number={8},
  pages={601--613},
  year={1978},
  publisher={Taylor \& Francis}
}


@article{Card:1991:MAD:123078.128726,
 author = {Card, Stuart K. and Mackinlay, Jock D. and Robertson, George G.},
 title = {A Morphological Analysis of the Design Space of Input Devices},
 journal = {ACM Trans. Inf. Syst.},
 issue_date = {April 1991},
 volume = {9},
 number = {2},
 month = apr,
 year = {1991},
 issn = {1046-8188},
 pages = {99--122},
 numpages = {24},
 url = {http://doi.acm.org/10.1145/123078.128726},
 doi = {10.1145/123078.128726},
 acmid = {128726},
 publisher = {ACM},
 address = {New York, NY, USA},
 keywords = {design knowledge sytematization, design rationale, design space, input devices, morphological analysis, semantics},
} 

@inproceedings{atienza2016interaction,
  title={Interaction techniques using head gaze for virtual reality},
  author={Atienza, Rowel and Blonna, Ryan and Saludares, Maria Isabel and Casimiro, Joel and Fuentes, Vivencio},
  booktitle={2016 IEEE Region 10 Symposium (TENSYMP)},
  pages={110--114},
  year={2016},
  organization={IEEE}
}


@article{mackenzie1992fitts,
  title={Fitts' law as a research and design tool in human-computer interaction},
  author={MacKenzie, I Scott},
  journal={Human-computer interaction},
  volume={7},
  number={1},
  pages={91--139},
  year={1992},
  publisher={L. Erlbaum Associates Inc.}
}

@inproceedings{arif2009analysis,
  title={Analysis of text entry performance metrics},
  author={Arif, Ahmed Sabbir and Stuerzlinger, Wolfgang},
  booktitle={Science and Technology for Humanity (TIC-STH), 2009 IEEE Toronto International Conference},
  pages={100--105},
  year={2009},
  organization={IEEE}
}

@article{yamada1980historical,
  title={A historical study of typewriters and typing methods: from the position of planning Japanese parallels},
  author={Yamada, Hisao},
  journal={Journal of information processing},
  volume={2},
  number={4},
  pages={175--202},
  year={1980},
  publisher={一般社団法人情報処理学会}
}


@book{wobbrock2007measures,
  title={Measures of text entry performance},
  author={Wobbrock, Jacob O},
  year={2007},
  publisher={San Francisco: Morgan Kaufmann}
}

@inproceedings{mackenzie2002character,
  title={A character-level error analysis technique for evaluating text entry methods},
  author={MacKenzie, I Scott and Soukoreff, R William},
  booktitle={Proceedings of the second Nordic conference on Human-computer interaction},
  pages={243--246},
  year={2002},
  organization={ACM}
}

@article{shneiderman2000limits,
  title={The limits of speech recognition},
  author={Shneiderman, Ben},
  journal={Communications of the ACM},
  volume={43},
  number={9},
  pages={63--65},
  year={2000},
  publisher={ACM}
}

@article{malikpunctuation,
  title={Punctuation Input on Touchscreen Keyboards: Analyzing Frequency of Use and Mode-switching Costs},
  author={Malik, Sana and Findlater, Leah},
  journal={College Park: The Human-Computer Interaction Lab, University of Maryland},
  year={2013},
  publisher={Citeseer}
}

@inproceedings{mackenzie2003phrase,
  title={Phrase sets for evaluating text entry techniques},
  author={MacKenzie, I Scott and Soukoreff, R William},
  booktitle={CHI'03 extended abstracts on Human factors in computing systems},
  pages={754--755},
  year={2003},
  organization={ACM}
}


@Misc{CHINOSAUR:venue,
  author =       {@\_CHINOSAUR},
  key =          {_CHINOSAUR},
  howpublished = {Tweet},
  title =        {"VENUE IS TOO COLD" \#BINGO \#CHI2014},
  month =        {May},
  day =          1,
  year =         2014,
  note =         {Retrieved Febuary 2, 2015 from
                  \url{https://twitter.com/_CHINOSAUR/status/461864317415989248}},
  annote =       {Tweet}
}

@inproceedings{Klemmer:2002:WSC:503376.503378,
  author =       {Klemmer, Scott R. and Thomsen, Michael and
                  Phelps-Goodman, Ethan and Lee, Robert and Landay,
                  James A.},
  title =        {Where Do Web Sites Come from?: Capturing and
                  Interacting with Design History},
  booktitle =    {Proceedings of the SIGCHI Conference on Human
                  Factors in Computing Systems},
  series =       {CHI '02},
  year =         2002,
  isbn =         {1-58113-453-3},
  location =     {Minneapolis, Minnesota, USA},
  pages =        {1--8},
  url =          {http://doi.acm.org/10.1145/503376.503378},
  doi =          {10.1145/503376.503378},
  acmid =        503378,
  publisher =    {ACM},
  address =      {New York, NY, USA},
  keywords =     {CSCW, activity capture, design rationale, history
                  management, informal interfaces, sketching, tangible
                  UI, web design},
}

@inproceedings{martins2016usability,
  title={Usability and Functionality Assessment of an Oculus Rift in Immersive and Interactive Systems Using Voice Commands},
  author={Martins, Val{\'e}ria Farinazzo and Sampaio, Paulo NM and Mendes, Fernanda da S and Lima, Andr{\'e} Santos and de Paiva Guimar{\~a}es, Marcelo},
  booktitle={International Conference on Virtual, Augmented and Mixed Reality},
  pages={222--232},
  year={2016},
  organization={Springer}
}


@article{sawhney2000nomadic,
  title={Nomadic radio: speech and audio interaction for contextual messaging in nomadic environments},
  author={Sawhney, Nitin and Schmandt, Chris},
  journal={ACM transactions on Computer-Human interaction (TOCHI)},
  volume={7},
  number={3},
  pages={353--383},
  year={2000},
  publisher={ACM}
}


@article{forsberg2003speech,
  title={Why is speech recognition difficult},
  author={Forsberg, Markus},
  journal={Chalmers University of Technology},
  year={2003}
}


@inproceedings{Mather:2000:MUT,
  title =        {Making up titles for conference papers},
  author =       {Mather, B. D.},
  booktitle =    {Ext. Abstracts CHI 2000},
  year =         2000,
  publisher =    "ACM Press",
  pages =        "1-2",
}

@article{ruan2016speech,
  title={Speech Is 3x Faster than Typing for English and Mandarin Text Entry on Mobile Devices},
  author={Ruan, Sherry and Wobbrock, Jacob O and Liou, Kenny and Ng, Andrew and Landay, James},
  journal={arXiv preprint arXiv:1608.07323},
  year={2016}
}


@book{Schwartz:1995:GBF,
  title =        {Guidelines for Bias-Free Writing},
  author =       {Marilyn Schwartz},
  address =      {Bloomington, IN, USA},
  year =         1995,
  publisher =    {ERIC}
}

@inproceedings{chen1999speech,
  title={Speech recognition with automatic punctuation.},
  author={Chen, C Julian},
  booktitle={EUROSPEECH},
  year={1999}
}

@inproceedings{Zellweger:2001:FAO:504216.504224,
  author =       {Zellweger, Polle T. and Bouvin, Niels Olof and
                  Jeh{\o}j, Henning and Mackinlay, Jock D.},
  title =        {Fluid annotations in an open world},
  booktitle =    {Proc. Hypertext 2001},
  year =         2001,
  pages =        {9--18},
  publisher =    {ACM Press},
}

@inproceedings{castellucci2011gathering,
  title={Gathering text entry metrics on android devices},
  author={Castellucci, Steven J and MacKenzie, I Scott},
  booktitle={CHI'11 Extended Abstracts on Human Factors in Computing Systems},
  pages={1507--1512},
  year={2011},
  organization={ACM}
}


@inproceedings{hoste2013speeg2,
  title={SpeeG2: a speech-and gesture-based interface for efficient controller-free text input},
  author={Hoste, Lode and Signer, Beat},
  booktitle={Proceedings of the 15th ACM on International conference on multimodal interaction},
  pages={213--220},
  year={2013},
  organization={ACM}
}

@article{card1983psychology,
  title={The psychology of human-computer interaction},
  author={Card, Stuart K and Newell, Allen and Moran, Thomas P},
  year={1983},
  publisher={L. Erlbaum Associates Inc.}
}

@article{Buxton2011,
  title={Human Input to Computer Systems: Theories, Techniques and Technology},
  author={Buxton,  Billinghurst, Guiard. Sellen, and Zhai},
  journal={Technical Report},
  year={2011},
}


@article{zhai2005search,
  title={In search of effective text input interfaces for off the desktop computing},
  author={Zhai, Shumin and Kristensson, Per-Ola and Smith, Barton A},
  journal={Interacting with computers},
  volume={17},
  number={3},
  pages={229--250},
  year={2005},
  publisher={Oxford University Press}
}

@Misc{cavender:writing,
  author =       {Anna Cavender and Shari Trewin and Vicki Hanson},
  title =        {Accessible Writing Guide},
  year =         2014,
  day =          22,
  note =
                  {\url{http://www.sigaccess.org/welcome-to-sigaccess/resources/accessible-writing-guide/}},
  annote =       {URL}
}

@article{mackenzie2002text,
  title={Text entry for mobile computing: Models and methods, theory and practice},
  author={MacKenzie, I Scott and Soukoreff, R William},
  journal={Human--Computer Interaction},
  volume={17},
  number={2-3},
  pages={147--198},
  year={2002},
  publisher={Taylor \& Francis}
}

@inproceedings{bowman2002text,
  title={Text input techniques for immersive virtual environments: An empirical comparison},
  author={Bowman, Doug A and Rhoton, Christopher J and Pinho, Marcio S},
  booktitle={Proceedings of the Human Factors and Ergonomics Society Annual Meeting},
  volume={46},
  number={26},
  pages={2154--2158},
  year={2002},
  organization={SAGE Publications}
}

@inproceedings{pick2016swifter,
  title={SWIFTER: Design and evaluation of a speech-based text input metaphor for immersive virtual environments},
  author={Pick, Sebastian and Puika, Andrew S and Kuhlen, Torsten W},
  booktitle={2016 IEEE Symposium on 3D User Interfaces (3DUI)},
  pages={109--112},
  year={2016},
  organization={IEEE}
}


@article{ethics,
  title =        {{Social Impacts of Computing: Codes of Professional
                  Ethics}},
  author =       {R. E. Anderson},
  doi =          "10.1177/089443939201000402",
  journal =      "Social Science Computer Review December",
  year =         1992,
  volume =       10,
  number =       4,
  pages =        "453-469"
}

@Misc{heilig:sensorama,
  author =       {Morton L. Heilig},
  title =        {Sensorama Simulator},
  howpublished = {U.S. Patent 3,050,870},
  month =        {August},
  day =          28,
  year =         1962,
  note =         {Filed Februrary 22, 1962.},
  annote =       {is this right?}
},

@article{kaye:puc,
  year =         2014,
  issn =         {1617-4909},
  journal =      {Personal and Ubiquitous Computing},
  volume =       18,
  number =       4,
  doi =          {10.1007/s00779-014-0773-4},
  title =        {Special issue on science fiction and ubiquitous
                  computing},
  url =          {http://dx.doi.org/10.1007/s00779-014-0773-4},
  publisher =    {Springer London},
  author =       {Kaye, Jofish and Dourish, Paul},
  pages =        {765-766},
  language =     {English}
}

@Misc{psy:gangnam,
  author =       {Psy},
  title =        {Gangnam Style},
  howpublished = {Video},
  month =        {July},
  day =          15,
  year =         2012,
  note =         {Retrieved August 22, 2014 from
                  \url{https://www.youtube.com/watch?v=9bZkp7q19f0}},
  annote =       {Video URL}
}

@PhdThesis{sutherland:sketchpad,
  author =       {Ivan E. Sutherland},
  title =        {Sketchpad, a Man-Machine Graphical Communication
                  System},
  school =       {Massachusetts Institute of Technology},
  year =         1963,
  address =      {Cambridge, MA},
}

@InBook{winner:politics,
  author =       {Langdon Winner},
  title =        {The Social Shaping of Technology},
  chapter =      {Do artifacts have politics?},
  publisher =    {Open University Press},
  year =         1999,
  address =      {UK},
  edition =      {2nd},
  pages =        {28--40},
}
